@article{vaswani2017attention,
  title={Attention is all you need},
  author={Vaswani, Ashish and Shazeer, Noam and Parmar, Niki and Uszkoreit, Jakob and Jones, Llion and Gomez, Aidan N and Kaiser, {\L}ukasz and Polosukhin, Illia},
  journal={Advances in neural information processing systems},
  volume={30},
  year={2017}
}

@article{child2019generating,
  title={Generating long sequences with sparse transformers},
  author={Child, Rewon and Gray, Scott and Radford, Alec and Sutskever, Ilya},
  journal={arXiv preprint arXiv:1904.10509},
  year={2019}
}

@article{beltagy2020longformer,
  title={Longformer: The long-document transformer},
  author={Beltagy, Iz and Peters, Matthew E and Cohan, Arman},
  journal={arXiv preprint arXiv:2004.05150},
  year={2020}
}

@article{zaheer2020big,
  title={Big bird: Transformers for longer sequences},
  author={Zaheer, Manzil and Guruganesh, Guru and Dubey, Kumar Avinava and Ainslie, Joshua and Alberti, Chris and Ontanon, Santiago and Pham, Philip and Ravula, Anirudh and Wang, Qifan and Yang, Li and others},
  journal={Advances in neural information processing systems},
  volume={33},
  pages={17283--17297},
  year={2020}
}